@online{TUHS,
  author = {The Unix Heritage Society},
  title = {Introduction to Operating Systems},
  year = 2012,
  url = {https://minnie.tuhs.org/CompArch/Lectures/week07.html},
  urldate = {2019-06-08}
}

@online{usna,
  author = {United States Naval Academy},
  title = {User Space, Kernel Space, and the System Call API},
  url = {https://www.usna.edu/Users/cs/aviv/classes/ic221/s16/lec/11/lec.html},
  urldate = {2019-06-08}
}

@online{ipc,
  author = {Aniket Dusey},
  title = {Interprocess Communication: Methods},
  url = {https://www.geeksforgeeks.org/interprocess-communication-methods/},
  urldate = {2019-06-08}
}

@article{OS_low_end_devices_iot,
author =       "Oliver Hahm, Emmanuel Baccelli, Hauke Petersen, Nicolas Tsiftes",
title =        "Operating Systems for Low-End Devices in the Internet of Things: a Survey",
journal =      "IEEE Internet of Things Journal",
volume =       "3",
number =       "5",
pages =        "720--734",
year =         "2016"
}

@article{comparison_iot_constrained_devices,
author =       "Challouf Sabri, Kriaa Lobna, Saidane Leila Azzouz",
title =        "Comparison of IoT constrained devices operating systems : A Survey",  
year =         "2017"
}

@article{OS_for_iot,
author =       "Padmini Gaur, Mohit P. Tahiliani",
title =        "Operating Systems for IoT Devices: A Critical Survey",  
year =         "2015"
}

@article{survey_resource_mgmt,
author =       "Arslan Musaddiq, Yousaf Bin Zikria, Oliver Hahm, Heejung Yu, Ali Kashif Bashir, Sung Won Kim",
title =        "A Survey on Resource Management in IoT Operating Systems",  
year =         "2018"
}
--------------------------------------------------------------------------------------------------------

@article{einstein,
author =       "Albert Einstein",
title =        "{Zur Elektrodynamik bewegter K{\"o}rper}. ({German})
    [{On} the electrodynamics of moving bodies]",
journal =      "Annalen der Physik",
volume =       "322",
number =       "10",
pages =        "891--921",
year =         "1905",
DOI =          "http://dx.doi.org/10.1002/andp.19053221004"
}

@book{latexcompanion,
author    = "Michel Goossens and Frank Mittelbach and Alexander Samarin",
title     = "The \LaTeX\ Companion",
year      = "1993",
publisher = "Addison-Wesley",
address   = "Reading, Massachusetts"
}

@misc{knuthwebsite,
author    = "Donald Knuth",
title     = "Knuth: Computers and Typesetting",
url       = "http://www-cs-faculty.stanford.edu/\~{}uno/abcde.html"
}